@article{yamazaki2015modeling,
  title={Modeling memory consolidation during posttraining periods in cerebellovestibular learning},
  author={Yamazaki, Tadashi and Nagao, Soichi and Lennon, William and Tanaka, Shigeru},
  journal={Proceedings of the National Academy of Sciences},
  volume={112},
  number={11},
  pages={3541--3546},
  year={2015},
  publisher={National Acad Sciences}
}

@incollection{sillitoe2012cerebellum,
  title={Cerebellum},
  author={Sillitoe, Roy V and Fu, YuHong and Watson, Charles},
  booktitle={The mouse nervous system},
  pages={360--397},
  year={2012},
  publisher={Elsevier}
}

@incollection{knierim2014information,
  title={Information processing in neural networks},
  author={Knierim, James J},
  booktitle={From molecules to networks},
  pages={563--589},
  year={2014},
  publisher={Elsevier}
}
